@online{18650cell,
author = {Panasonic},
title = {LITHIUM ION BATTERIES: INDIVIDUAL DATA SHEET},
year = {2007},
url = {https://web.archive.org/web/20130603055918/http://www.panasonic.com/industrial/includes/pdf/Panasonic_LiIon_CGR18650DA.pdf},
urldate = {2020-09-19},
}
@online{bd200,
author = {SkyRC},
title = {BD200 Product Page},
year = {2020},
url = {https://www.skyrc.com/BD200},
urldate = {2020-09-24},
}
@online{bd250,
author = {SkyRC},
title = {BD250 Product Page},
year = {2020},
url = {https://www.skyrc.com/BD250},
urldate = {2020-09-24},
}
